
@article{mathur2018,
	title = {Website and R package for computing E-values},
	author = {Mathur, Maya B and Ding, Peng and Riddell, Corinne A and VanderWeele, Tyler J},
	year = {2018},
	date = {2018},
	journal = {Epidemiology (Cambridge, Mass.)},
	pages = {e45},
	volume = {29},
	number = {5},
	note = {Publisher: NIH Public Access}
}
