
@article{wright1921,
	title = {Correlation and Causation},
	author = {Wright, Sewall},
	year = {1921},
	date = {1921},
	pages = {p. 557--585.},
	url = {https://handle.nal.usda.gov/10113/IND43966364},
	note = {Num Pages: USDA},
	langid = {English}
}

@book{hume1902,
	title = {Enquiries Concerning the Human Understanding: And Concerning the Principles of Morals},
	author = {Hume, David},
	year = {1902},
	date = {1902},
	publisher = {Clarendon Press},
	note = {Google-Books-ID: IuIPAQAAIAAJ},
	langid = {en}
}

@article{lewis1973,
	title = {Causation},
	author = {Lewis, David},
	year = {1973},
	date = {1973},
	journal = {The Journal of Philosophy},
	pages = {556--567},
	volume = {70},
	number = {17},
	doi = {10.2307/2025310},
	url = {https://www.jstor.org/stable/2025310},
	note = {Publisher: Journal of Philosophy, Inc.}
}

@book{collinson2007,
	title = {The Reformation: A History},
	author = {Collinson, Patrick},
	year = {2007},
	date = {2007},
	publisher = {Modern Library},
	volume = {19}
}

@article{gawthrop1984,
	title = {Protestantism and literacy in early modern Germany},
	author = {Gawthrop, Richard and Strauss, Gerald},
	year = {1984},
	date = {1984},
	journal = {Past & present},
	pages = {31{\textendash}55},
	number = {104},
	note = {Publisher: JSTOR}
}

@book{weber1905,
	title = {The Protestant Ethic and the Spirit of Capitalism: and other writings},
	author = {Weber, Max},
	year = {1905},
	date = {1905},
	publisher = {Penguin}
}

@article{nalle1987,
	title = {Inquisitors, priests, and the people during the Catholic reformation in Spain},
	author = {Nalle, Sara T},
	year = {1987},
	date = {1987},
	journal = {The Sixteenth Century Journal},
	pages = {557{\textendash}587},
	note = {Publisher: JSTOR}
}

@article{westreich2010,
	title = {Invited commentary: positivity in practice},
	author = {Westreich, Daniel and Cole, Stephen R.},
	year = {2010},
	month = {03},
	date = {2010-03-15},
	journal = {American Journal of Epidemiology},
	volume = {171},
	number = {6},
	doi = {10.1093/aje/kwp436},
	note = {PMID: 20139125
PMCID: PMC2877454},
	langid = {eng}
}

@article{becker2016,
	title = {Causes and consequences of the Protestant Reformation},
	author = {Becker, Sascha O and Pfaff, Steven and Rubin, Jared},
	year = {2016},
	date = {2016},
	journal = {Explorations in Economic History},
	pages = {1{\textendash}25},
	volume = {62},
	note = {Publisher: Elsevier}
}

@book{weber1993,
	title = {The sociology of religion},
	author = {Weber, Max},
	year = {1993},
	date = {1993},
	publisher = {Beacon Press}
}

@article{swanson1967,
	title = {Religion and regime: a sociological account of the Reformation},
	author = {Swanson, Guy E},
	year = {1967},
	date = {1967},
	note = {Publisher: University of Michigan Press}
}

@article{swanson1971,
	title = {Interpreting the Reformation},
	author = {Swanson, Guy E.},
	year = {1971},
	date = {1971},
	journal = {The Journal of Interdisciplinary History},
	pages = {419{\textendash}446},
	volume = {1},
	number = {3},
	url = {http://www.jstor.org/stable/202620},
	note = {Publisher: The MIT Press}
}

@article{basten2013,
	title = {Beyond Work Ethic: Religion, Individual, and Political Preferences},
	author = {Basten, Christoph and Betz, Frank},
	year = {2013},
	month = {08},
	date = {2013-08},
	journal = {American Economic Journal: Economic Policy},
	pages = {67--91},
	volume = {5},
	number = {3},
	doi = {10.1257/pol.5.3.67},
	url = {https://www.aeaweb.org/articles?id=10.1257/pol.5.3.67}
}

@book{hernánmarobinsjm2020,
	title = {Causal Inference: What If},
	author = {{Hernán, MA, Robins JM}, },
	year = {2020},
	date = {2020},
	publisher = {Chapman & Hall/CRC},
	url = {https://cdn1.sph.harvard.edu/wp-content/uploads/sites/1268/2021/03/ciwhatif_hernanrobins_30mar21.pdf},
	address = {Boca Raton}
}

@article{rubin1976,
	title = {Inference and missing data},
	author = {Rubin, D.B.},
	year = {1976},
	month = {12},
	date = {1976-12},
	journal = {Biometrika},
	pages = {581--592},
	volume = {63},
	number = {3},
	doi = {10.1093/biomet/63.3.581},
	url = {https://doi.org/10.1093/biomet/63.3.581}
}

@article{holland1986,
	title = {Statistics and causal inference},
	author = {Holland, Paul W},
	year = {1986},
	date = {1986},
	journal = {Journal of the American statistical Association},
	pages = {945{\textendash}960},
	volume = {81},
	number = {396},
	note = {Publisher: Taylor & Francis}
}

@article{westreich2015,
	title = {Imputation approaches for potential outcomes in causal inference},
	author = {Westreich, Daniel and Edwards, Jessie K and Cole, Stephen R and Platt, Robert W and Mumford, Sunni L and Schisterman, Enrique F},
	year = {2015},
	date = {2015},
	journal = {International journal of epidemiology},
	pages = {1731{\textendash}1737},
	volume = {44},
	number = {5},
	note = {Publisher: Oxford University Press}
}

@article{edwards2015,
	title = {All your data are always missing: incorporating bias due to measurement error into the potential outcomes framework},
	author = {Edwards, Jessie K and Cole, Stephen R and Westreich, Daniel},
	year = {2015},
	date = {2015},
	journal = {International journal of epidemiology},
	pages = {1452{\textendash}1459},
	volume = {44},
	number = {4},
	note = {Publisher: Oxford University Press}
}

@book{mcelreath2020,
	title = {Statistical rethinking: A Bayesian course with examples in R and Stan},
	author = {McElreath, Richard},
	year = {2020},
	date = {2020},
	publisher = {CRC press}
}

@article{bulbulia2022,
	title = {A workflow for causal inference in cross-cultural psychology},
	author = {Bulbulia, Joseph A.},
	year = {2022},
	date = {2022},
	journal = {Religion, Brain & Behavior},
	pages = {1--16},
	volume = {0},
	number = {0},
	doi = {10.1080/2153599X.2022.2070245},
	url = {https://doi.org/10.1080/2153599X.2022.2070245}
}

@article{rohrer2018,
	title = {Thinking clearly about correlations and causation: Graphical causal models for observational data},
	author = {Rohrer, Julia M},
	year = {2018},
	date = {2018},
	journal = {Advances in Methods and Practices in Psychological Science},
	pages = {27{\textendash}42},
	volume = {1},
	number = {1},
	note = {Publisher: Sage Publications Sage CA: Los Angeles, CA}
}

@article{cinelli2022,
	title = {A Crash Course in Good and Bad Controls},
	author = {Cinelli, Carlos and Forney, Andrew and Pearl, Judea},
	year = {2022},
	month = {05},
	date = {2022-05-20},
	journal = {Sociological Methods & Research},
	pages = {00491241221099552},
	doi = {10.1177/00491241221099552},
	url = {https://doi.org/10.1177/00491241221099552},
	note = {Publisher: SAGE Publications Inc},
	langid = {en}
}

@book{barrett2021,
	title = {ggdag: Analyze and Create Elegant Directed Acyclic Graphs},
	author = {Barrett, Malcolm},
	year = {2021},
	date = {2021},
	url = {https://CRAN.R-project.org/package=ggdag}
}

@article{greenland1999,
	title = {Causal diagrams for epidemiologic research},
	author = {Greenland, S. and Pearl, J. and Robins, J. M.},
	year = {1999},
	month = {01},
	date = {1999-01},
	journal = {Epidemiology (Cambridge, Mass.)},
	pages = {37--48},
	volume = {10},
	number = {1},
	note = {PMID: 9888278},
	langid = {eng}
}

@article{suzuki2020,
	title = {Causal Diagrams: Pitfalls and Tips},
	author = {Suzuki, Etsuji and Shinozaki, Tomohiro and Yamamoto, Eiji},
	year = {2020},
	month = {04},
	date = {2020-04-05},
	journal = {Journal of Epidemiology},
	pages = {153--162},
	volume = {30},
	number = {4},
	doi = {10.2188/jea.JE20190192},
	note = {PMID: 32009103
PMCID: PMC7064555},
	langid = {eng}
}

@techreport{pearl2009,
	title = {Causal inference in statistics: An overview},
	author = {Pearl, Judea},
	year = {2009},
	date = {2009},
	pages = {96{\textendash}146},
	doi = {10.1214/09-SS057},
	note = {Publication Title: Statistics surveys
Volume: 3
DOI: 10.1214/09-SS057}
}

@article{vanderweele2009,
	title = {Concerning the Consistency Assumption in Causal Inference},
	author = {VanderWeele, Tyler J.},
	year = {2009},
	month = {11},
	date = {2009-11},
	journal = {Epidemiology},
	pages = {880},
	volume = {20},
	number = {6},
	doi = {10.1097/EDE.0b013e3181bd5638},
	url = {https://journals.lww.com/epidem/Fulltext/2009/11000/Concerning_the_Consistency_Assumption_in_Causal.18.aspx},
	langid = {canadian}
}

@misc{concerni,
	title = {Concerning the Consistency Assumption in Causal Inference : Epidemiology},
	url = {https://journals.lww.com/epidem/Fulltext/2009/11000/Concerning_the_Consistency_Assumption_in_Causal.18.aspx}
}

@misc{concernia,
	title = {Concerning the Consistency Assumption in Causal Inference : Epidemiology},
	url = {https://journals.lww.com/epidem/Fulltext/2009/11000/Concerning_the_Consistency_Assumption_in_Causal.18.aspx}
}

@article{vanderweele2013,
	title = {Causal inference under multiple versions of treatment},
	author = {VanderWeele, Tyler J and Hernan, Miguel A},
	year = {2013},
	date = {2013},
	journal = {Journal of causal inference},
	pages = {1{\textendash}20},
	volume = {1},
	number = {1},
	note = {Publisher: De Gruyter}
}

@article{vanderweele2018,
	title = {On Well-defined Hypothetical Interventions in the Potential Outcomes Framework},
	author = {VanderWeele, Tyler J.},
	year = {2018},
	month = {07},
	date = {2018-07},
	journal = {Epidemiology},
	pages = {e24},
	volume = {29},
	number = {4},
	doi = {10.1097/EDE.0000000000000823},
	url = {https://journals.lww.com/epidem/Fulltext/2018/07000/On_Well_defined_Hypothetical_Interventions_in_the.22.aspx},
	langid = {canadian}
}

@article{wright1920,
	title = {The relative importance of heredity and environment in determining the piebald pattern of guinea-pigs},
	author = {Wright, Sewall},
	year = {1920},
	date = {1920},
	journal = {Proceedings of the National Academy of Sciences of the United States of America},
	pages = {320},
	volume = {6},
	number = {6},
	note = {Publisher: National Academy of Sciences}
}

@article{wright1923,
	title = {The theory of path coefficients a reply to Niles's criticism},
	author = {Wright, Sewall},
	year = {1923},
	date = {1923},
	journal = {Genetics},
	pages = {239},
	volume = {8},
	number = {3},
	note = {Publisher: Oxford University Press}
}

@book{pearl2018,
	title = {The book of why: the new science of cause and effect},
	author = {Pearl, Judea and Mackenzie, Dana},
	year = {2018},
	date = {2018},
	publisher = {Basic books}
}

@book{hernánmarobinsjm2020a,
	title = {Causal Inference: What If},
	author = {{Hernán, MA, Robins JM}, },
	year = {2020},
	date = {2020},
	publisher = {Chapman & Hall/CRC},
	url = {https://cdn1.sph.harvard.edu/wp-content/uploads/sites/1268/2021/03/ciwhatif_hernanrobins_30mar21.pdf},
	address = {Boca Raton}
}

@article{robins,
	title = {Estimation of the causal effects of time-varying exposures},
	author = {Robins, James M and {Hernán}, Miguel A}
}

@article{robins1986,
	title = {A new approach to causal inference in mortality studies with a sustained exposure period{\textemdash}application to control of the healthy worker survivor effect},
	author = {Robins, James},
	year = {1986},
	month = {01},
	date = {1986-01-01},
	journal = {Mathematical Modelling},
	pages = {1393--1512},
	volume = {7},
	number = {9},
	doi = {10.1016/0270-0255(86)90088-6},
	url = {https://www.sciencedirect.com/science/article/pii/0270025586900886},
	langid = {en}
}
